<?xml version='1.0' encoding='utf-8'?>
<record xmlns="http://www.loc.gov/MARC21/slim" xmlns:xsi="http://www.w3.org/2001/XMLSchema-instance">
  <leader>00000nam^a2200301^a^4500</leader>
  <controlfield tag="001">004728321</controlfield>
  <controlfield tag="005">20040805171006.0</controlfield>
  <controlfield tag="008">960215s1991^^^^maua^^^^^bc^^^001^0^eng^d</controlfield>
  <datafield tag="010" ind1=" " ind2=" ">
    <subfield code="a">91061988</subfield>
  </datafield>
  <datafield tag="035" ind1=" " ind2=" ">
    <subfield code="a">(OCoLC)ocm24646509</subfield>
  </datafield>
  <datafield tag="040" ind1=" " ind2=" ">
    <subfield code="a">ZPM</subfield>
    <subfield code="c">ZPM</subfield>
    <subfield code="d">OCL</subfield>
    <subfield code="d">OBE</subfield>
    <subfield code="d">EYM</subfield>
  </datafield>
  <datafield tag="043" ind1=" " ind2=" ">
    <subfield code="a">e-fr---</subfield>
  </datafield>
  <datafield tag="090" ind1=" " ind2=" ">
    <subfield code="a">NC1495</subfield>
    <subfield code="b">.K46 1991</subfield>
  </datafield>
  <datafield tag="100" ind1="1" ind2=" ">
    <subfield code="a">Kenney, Elise K.,</subfield>
    <subfield code="d">1934-</subfield>
  </datafield>
  <datafield tag="245" ind1="1" ind2="4">
    <subfield code="a">The pear :</subfield>
    <subfield code="b">French graphic arts in the golden age of caricature /</subfield>
    <subfield code="c">Elise K. Kenney, John M. Merriman.</subfield>
  </datafield>
  <datafield tag="260" ind1=" " ind2=" ">
    <subfield code="a">South Hadley, Mass. :</subfield>
    <subfield code="b">Mount Holyoke College Art Museum,</subfield>
    <subfield code="c">[1991]</subfield>
  </datafield>
  <datafield tag="300" ind1=" " ind2=" ">
    <subfield code="a">118 p. :</subfield>
    <subfield code="b">ill. ;</subfield>
    <subfield code="c">28 cm.</subfield>
  </datafield>
  <datafield tag="500" ind1=" " ind2=" ">
    <subfield code="a">Catalog of an exhibition held at Mount Holyoke College Art Museum, South Hadley, Mass., Sept. 1-Nov. 10, 1991; Yale University Art Gallery, New Haven, Conn., Nov. 19, 1991-Jan. 12, 1992; and the University of Michigan Museum of Art, Ann Arbor, Feb. 9-Mar. 22, 1992.</subfield>
  </datafield>
  <datafield tag="504" ind1=" " ind2=" ">
    <subfield code="a">Includes bibliographical references (p. 113-117) and index.</subfield>
  </datafield>
  <datafield tag="580" ind1=" " ind2=" ">
    <subfield code="a">Forms part of the University of Michigan. Museum of Art. Publications, 1946-&lt;ongoing&gt;.</subfield>
  </datafield>
  <datafield tag="650" ind1=" " ind2="0">
    <subfield code="a">Caricatures and cartoons</subfield>
    <subfield code="z">France</subfield>
    <subfield code="x">History</subfield>
    <subfield code="y">Louis Philip, 1830-1848</subfield>
    <subfield code="v">Exhibitions.</subfield>
  </datafield>
  <datafield tag="651" ind1=" " ind2="0">
    <subfield code="a">France</subfield>
    <subfield code="x">Politics and government</subfield>
    <subfield code="y">1830-1848</subfield>
    <subfield code="v">Caricatures and cartoons</subfield>
    <subfield code="v">Exhibitions.</subfield>
  </datafield>
  <datafield tag="600" ind1="0" ind2="0">
    <subfield code="a">Louis Philippe,</subfield>
    <subfield code="c">King of the French,</subfield>
    <subfield code="d">1773-1850</subfield>
    <subfield code="v">Caricatures and cartoons</subfield>
    <subfield code="v">Exhibitions.</subfield>
  </datafield>
  <datafield tag="650" ind1=" " ind2="0">
    <subfield code="a">Pear in art.</subfield>
  </datafield>
  <datafield tag="700" ind1="1" ind2=" ">
    <subfield code="a">Merriman, John M.</subfield>
  </datafield>
  <datafield tag="710" ind1="2" ind2=" ">
    <subfield code="a">Mount Holyoke College.</subfield>
    <subfield code="b">Art Museum.</subfield>
  </datafield>
  <datafield tag="773" ind1="1" ind2=" ">
    <subfield code="a">University of Michigan</subfield>
    <subfield code="t">Museum of Art (University of Michigan) publications</subfield>
    <subfield code="w">3948255</subfield>
  </datafield>
  <datafield tag="852" ind1="8" ind2=" ">
    <subfield code="a">MiU-H</subfield>
    <subfield code="b">BENT</subfield>
    <subfield code="h">9788 Bimu C450 2</subfield>
  </datafield>
  <datafield tag="997" ind1=" " ind2=" ">
    <subfield code="a">MARS</subfield>
  </datafield>
  <datafield tag="998" ind1=" " ind2=" ">
    <subfield code="c">aut6</subfield>
  </datafield>
  <datafield tag="LKR" ind1=" " ind2=" ">
    <subfield code="a">UP</subfield>
    <subfield code="b">003948255</subfield>
    <subfield code="l">MIU01</subfield>
    <subfield code="r">773</subfield>
    <subfield code="m">The pear : French graphic arts in the golden age of caricature /</subfield>
    <subfield code="n">[Museum of Art (University of Michigan) publications].</subfield>
  </datafield>
  <datafield tag="955" ind1=" " ind2=" ">
    <subfield code="b">BENT</subfield>
    <subfield code="p">B1980026</subfield>
  </datafield>
</record>
